<collection xmlns="http://www.loc.gov/MARC21/slim">
<record>
  <leader>00991nam0a22002411i 450 </leader>
  <controlfield tag="001">IT\ICCU\CNCE\032147</controlfield>
  <controlfield tag="005">20130409000000.0</controlfield>
  <datafield tag="012" ind1=" " ind2=" ">
    <subfield code="a">e.e. lc̈- souo dati (C) 1584 (R)</subfield>
    <subfield code="2">fei</subfield>
  </datafield>
  <datafield tag="100" ind1=" " ind2=" ">
    <subfield code="a">19971210d1584        0itac0103    ba</subfield>
  </datafield>
  <datafield tag="101" ind1=" " ind2=" ">
    <subfield code="a">ITA</subfield>
  </datafield>
  <datafield tag="102" ind1=" " ind2=" ">
    <subfield code="a">IT</subfield>
  </datafield>
  <datafield tag="200" ind1="1" ind2=" ">
    <subfield code="a">Dichiaratione et auttorit ̉del Senato</subfield>
  </datafield>
  <datafield tag="210" ind1=" " ind2=" ">
    <subfield code="a">In Turino</subfield>
    <subfield code="c">appresso Christophoro Bellone stampatore di Sua Altezza</subfield>
    <subfield code="d">1584</subfield>
  </datafield>
  <datafield tag="215" ind1=" " ind2=" ">
    <subfield code="a">\4! c.</subfield>
    <subfield code="d">4ʻ</subfield>
  </datafield>
  <datafield tag="300" ind1=" " ind2=" ">
    <subfield code="a">Data di emanazione: 12 novembre 1583</subfield>
  </datafield>
  <datafield tag="620" ind1=" " ind2=" ">
    <subfield code="a">IT</subfield>
    <subfield code="d">Torino</subfield>
  </datafield>
  <datafield tag="710" ind1="0" ind2="2">
    <subfield code="a">Savoia</subfield>
    <subfield code="c"> &lt;Ducato&gt;</subfield>
    <subfield code="b"> : Senato</subfield>
    <subfield code="3">IT\ICCU\CNCA\018248</subfield>
  </datafield>
  <datafield tag="712" ind1="0" ind2="0">
    <subfield code="a">Bellone, Cristoforo</subfield>
    <subfield code="c"> &lt;Torino&gt;</subfield>
    <subfield code="3">IT\ICCU\CNCT\003028</subfield>
    <subfield code="4">650</subfield>
  </datafield>
  <datafield tag="791" ind1="0" ind2="2">
    <subfield code="a">Senatus Pedemontanus</subfield>
    <subfield code="3">24364</subfield>
    <subfield code="z">Savoia &lt;Ducato&gt; : Senato</subfield>
  </datafield>
  <datafield tag="791" ind1="0" ind2="0">
    <subfield code="a">Bellonus, Christophorus</subfield>
    <subfield code="c"> &lt;Torino&gt;</subfield>
    <subfield code="3">IT\ICCU\CNCT\004320</subfield>
    <subfield code="z">Bellone, Cristoforo &lt;Torino&gt;</subfield>
  </datafield>
  <datafield tag="801" ind1=" " ind2="3">
    <subfield code="a">IT</subfield>
    <subfield code="b">ICCU</subfield>
    <subfield code="c">20201114</subfield>
  </datafield>
  <datafield tag="899" ind1=" " ind2=" ">
    <subfield code="a">Biblioteca Reale. Torino</subfield>
    <subfield code="1">TO0263</subfield>
    <subfield code="2">TO0 07</subfield>
  </datafield>
  <datafield tag="899" ind1=" " ind2=" ">
    <subfield code="a">Biblioteca Norberto Bobbio dell&apos;Universit ̉degli Studi di Torino. Torino</subfield>
    <subfield code="1">TO1203</subfield>
    <subfield code="2">UTO BB</subfield>
  </datafield>
</record>
</collection>
